[gd_scene load_steps=11 format=1]

[ext_resource path="res://textures/poodle.tex" type="Texture" id=1]
[ext_resource path="res://scripts/poodle.gd" type="Script" id=2]
[ext_resource path="res://scenes/bark.tscn" type="PackedScene" id=3]
[ext_resource path="res://sfx/hit_2.wav" type="Sample" id=4]

[sub_resource type="CapsuleShape2D" id=1]

custom_solver_bias = 0.0
radius = 10.0
height = 6.99559

[sub_resource type="Animation" id=2]

length = 0.3
loop = true
step = 0.1
tracks/0/type = "value"
tracks/0/path = NodePath(".:frame")
tracks/0/interp = 1
tracks/0/imported = false
tracks/0/keys = {
"times": FloatArray( 0, 0.1 ),
"transitions": FloatArray( 1, 1 ),
"update": 1,
"values": [ 2, 3 ]
}

[sub_resource type="Animation" id=3]

length = 0.5
loop = false
step = 0.1
tracks/0/type = "value"
tracks/0/path = NodePath(".:frame")
tracks/0/interp = 1
tracks/0/imported = false
tracks/0/keys = {
"times": FloatArray( 0 ),
"transitions": FloatArray( 1 ),
"update": 1,
"values": [ 4 ]
}

[sub_resource type="Animation" id=4]

length = 0.6
loop = true
step = 0.1
tracks/0/type = "value"
tracks/0/path = NodePath(".:frame")
tracks/0/interp = 1
tracks/0/imported = false
tracks/0/keys = {
"times": FloatArray( 0, 0.1, 0.3, 0.4, 0.6 ),
"transitions": FloatArray( 1, 1, 1, 1, 1 ),
"update": 1,
"values": [ 0, 1, 0, 1, 0 ]
}
tracks/1/type = "value"
tracks/1/path = NodePath(".:offset")
tracks/1/interp = 1
tracks/1/imported = false
tracks/1/keys = {
"times": FloatArray( 0, 0.2, 0.3, 0.5, 0.6 ),
"transitions": FloatArray( 1, 1, 1, 1, 1 ),
"update": 0,
"values": [ Vector2( 0, 0 ), Vector2( 0, -8 ), Vector2( 0, 0 ), Vector2( 0, -4 ), Vector2( 0, 0 ) ]
}

[sub_resource type="Animation" id=5]

length = 0.2
loop = true
step = 0.1
tracks/0/type = "value"
tracks/0/path = NodePath(".:frame")
tracks/0/interp = 1
tracks/0/imported = false
tracks/0/keys = {
"times": FloatArray( 0, 0.1 ),
"transitions": FloatArray( 1, 1 ),
"update": 1,
"values": [ 0, 1 ]
}

[sub_resource type="SampleLibrary" id=6]

samples/hit_2 = {
"db": 0.0,
"pitch": 1.0,
"priority": 0,
"sample": ExtResource( 4 )
}

[node name="Poodle" type="Sprite"]

transform/pos = Vector2( 3.28483, 9.08971e-07 )
transform/scale = Vector2( 1, 0.999999 )
texture = ExtResource( 1 )
offset = Vector2( 0, -6.91088 )
hframes = 6
script/script = ExtResource( 2 )
__meta__ = {
"_edit_lock_": true
}
spawn_t = 0.0
spawn_wait = 4.0

[node name="Body" type="KinematicBody2D" parent="."]

transform/pos = Vector2( -1.84657, -0.193727 )
transform/scale = Vector2( 1.31071, 1.83936 )
input/pickable = false
shapes/0/shape = SubResource( 1 )
shapes/0/transform = Matrix32( 1.68255, 0, 0, 0.766025, -1.65196, 0.845349 )
shapes/0/trigger = false
collision/layers = 2
collision/mask = 2
collision/margin = 0.08
__meta__ = {
"_edit_lock_": true
}

[node name="CollisionShape2D" type="CollisionShape2D" parent="Body"]

transform/pos = Vector2( -1.65196, 0.845349 )
transform/scale = Vector2( 1.68255, 0.766025 )
shape = SubResource( 1 )
trigger = false
_update_shape_index = 0
__meta__ = {
"_edit_lock_": true
}

[node name="AnimationPlayer" type="AnimationPlayer" parent="."]

playback/process_mode = 1
playback/default_blend_time = 0.0
root/root = NodePath("..")
anims/attack = SubResource( 2 )
anims/hit = SubResource( 3 )
anims/stance = SubResource( 4 )
anims/walk = SubResource( 5 )
playback/active = true
playback/speed = 1.0
blend_times = [  ]
autoplay = ""

[node name="Bark1" parent="." instance=ExtResource( 3 )]

[node name="Bark2" parent="." instance=ExtResource( 3 )]

[node name="SamplePlayer" type="SamplePlayer" parent="."]

config/polyphony = 1
config/samples = SubResource( 6 )
default/volume_db = -4.0
default/pitch_scale = 0.5
default/pan = 0.0
default/depth = 1.0
default/height = 0.0
default/filter/type = 4
default/filter/cutoff = 20.0
default/filter/resonance = 4.0
default/filter/gain = 1.0
default/reverb_room = 2
default/reverb_send = 0.0
default/chorus_send = 0.0


